2640 5100
536 583 771 648 nAPAt
1136 578 1202 647 221

91 746 244 839 ςαθηαη,
270 740 474 833 depositum,
506 768 560 810 m
578 747 749 832 deposita,
777 767 831 808 res
841 742 938 828 fidei
951 749 1091 812 alienius
1109 773 1202 814 νοννι-

91 843 207 902 missa.
250 837 297 899 lte
318 830 486 920 παραθὴκη
507 836 582 898 Lev.
599 837 629 912 6,
645 858 677 898 2.
692 841 722 896 4.
745 836 876 895 2Μισσ.
894 840 924 911 5,
943 855 991 899 ιο.
1013 824 1134 920 (Polyb.
1147 841 1201 918 33,

93 947 144 991 12.
163 928 215 1005 4.)
233 956 277 969 -
298 919 560 1005 παρακαταθήκη,
579 921 750 994 Exod.12,
771 926 818 984 18.
840 921 917 985 Tob.
939 942 985 997 ιο,
1007 942 1054 984 11.
1075 927 1201 992 281ισο.

90 1015 123 1091 ³,
151 1012 199 1074 15.
222 1011 258 1081 in
281 1009 349 1071 cot
371 1008 463 1069 Alex.
488 1009 621 1069 tusco.
638 1011 668 1086 4,
695 1024 724 1082 7.
752 1006 1020 1086 loseph.ant.14‚
1045 1011 1094 1071 14.
1112 1031 1137 1070 ι.
1159 1013 1200 1074 de

90 1099 168 1162 bell.
183 1117 208 1173 1,
224 1096 252 1155 8
269 1112 297 1171 9.
321 1104 386 1156 ent.
400 1094 431 1167 4,
446 1097 475 1154 8.
492 1094 545 1161 58.
570 1098 620 1164 ι8,
637 1112 666 1173 9.
679 1095 709 1152 4.
731 1088 1008 1179 ,Παρακαταθήκη
1026 1095 1201 1159 defendunt

95 1182 254 1264 Thucyd,
274 1180 379 1256 Pluto,
401 1178 562 1260 Xenoph,
580 1177 755 1255 Demosth,
779 1178 900 1258 Lysiae,
922 1183 1019 1241 ceteri
1043 1183 1200 1259 clariores,

97 1289 233 1355 quorum
252 1277 284 1327 et
307 1266 438 1326 verbum
468 1277 515 1325 est
540 1266 859 1349 παρακατατίθεσθαι.
901 1264 1081 1329 Contrariis
1102 1271 1201 1347 pertis

97 1364 193 1438 caput
220 1365 268 1415 est
288 1352 375 1412 Pisto
401 1348 560 1426 Comicus,
594 1371 687 1430 quem
714 1351 842 1412 Photius
870 1369 899 1430 p.
926 1355 999 1412 28ο.
1028 1349 1200 1439 παραθήκη

97 1445 218 1506 uixisse
238 1444 345 1514 notet,
375 1436 459 1498 hunc
480 1447 652 1515 sequnntur
675 1447 811 1517 praeter·
830 1436 907 1498 elios
937 1439 1051 1499 Sextus
1071 1439 1153 1520 Hyp.
1170 1444 1201 1515 3,

99 1529 153 1592 25.
176 1526 264 1591 Phot.
279 1523 356 1582 Bibt.
376 1521 448 1601 59.“
483 1520 622 1581 Lobecls.
642 1523 680 1581 ed
703 1522 817 1582 Phrlsn.
839 1542 869 1602 p.
894 1522 966 1597 313.
988 1556 1029 1570 --
1056 1522 1092 1585 ln
1109 1525 1147 1586 N.
1162 1526 1201 1586 Τ.

96 1622 271 1693 usurpetur
294 1614 325 1688 ι)
339 1608 377 1668 de
391 1629 518 1669 munere
535 1608 669 1669 doctoris
683 1608 849 1670 Timotheo
872 1610 1005 1687 trudito,
1027 1610 1093 1670 sive
1108 1614 1201 1671 etiam

98 1702 141 1763 de
160 1695 303 1759 doctrine
324 1695 391 1774 ipse
412 1693 485 1753 fidei
507 1695 572 1753 eius
592 1694 779 1768 commissu,
796 1712 808 1752 1
826 1693 908 1753 Tim.
924 1694 953 1768 6,
972 1712 1021 1755 20.
1044 1695 1159 1756 2Ti1n.
1174 1715 1200 1774 1,

103 1788 153 1847 14.
173 1783 230 1845 nbi
251 1784 284 1842 in
306 1790 435 1858 utroque
455 1781 525 1841 loco
546 1778 677 1843 Grissb.
700 1778 836 1841 restituit
855 1774 1122 1866 παρακαταθήκην
1142 1802 1200 1862 ριο

99 1861 300 1955 παραθήκην,
321 1868 404 1946 quod
421 1867 513 1926 hsbet
533 1877 635 1925 textus
658 1867 741 1945 vulg.
762 1899 802 1911 -
826 1864 858 1947 b)
874 1861 1045 1950 παραθήκη
1067 1869 1105 1928 ds
1125 1869 1202 1926 ani-

60 1958 62 1963 ’
100 1977 175 2034 ma,
205 1954 294 2036 qussi
313 1952 453 2031 deposito
476 1974 493 2011 ι
518 1951 582 2011 Deo
605 1954 676 2013 dato
699 1951 836 2028 homini,
869 1950 981 2010 2Tin1.
1003 1971 1034 2026 1,
1063 1970 1111 2014 12.
1140 1953 1201 2032 (Its

100 2040 251 2123 Iosephus
274 2038 314 2099 de
335 2039 409 2097 bell.
425 2040 444 2098 3
452 2081 461 2110 ,
484 2039 512 2098 8.
530 2038 559 2098 5.
581 2049 616 2098 ut
638 2034 825 2121 αὐτοχειρίαν
846 2056 940 2116 grave
961 2058 1026 2096 esse
1053 2039 1202 2098 delictum

101 2132 246 2199 doceret,
267 2125 346 2185 dicit
363 2124 497 2182 animum
519 2144 585 2184 esse
606 2118 873 2206 παρακαταθήκην
897 2127 953 2185 τοῦ
977 2125 1073 2199 θεοῦ,
1104 2125 1201 2206 depo·

101 2217 197 2277 eitum
219 2211 297 2289 Dei,
330 2211 413 2289 quod
442 2230 459 2270 e
488 2230 617 2289 corpore
645 2213 757 2270 eiicere
778 2209 864 2268 nefas
885 2220 978 2280 esset,
1009 2210 1202 2288 eandemque

102 2302 239 2361 e'nimsm
261 2296 357 2377 punio
381 2307 452 2374 post
469 2298 605 2376 appellat
627 2292 662 2358 τὸ
682 2291 767 2374 παρὰ
789 2295 844 2357 τοῦ
863 2294 945 2356 θεοῦ
970 2291 1091 2398 ληφθὲν
1110 2297 1203 2378 χρέος.

104 2421 145 2438 ..
170 2383 276 2453 Philo,
300 2382 369 2461 quis
390 2400 449 2438 rer.
473 2383 569 2440 divin.
592 2382 676 2440 haer.
699 2403 729 2460 p.
745 2384 836 2459 4993
865 2375 923 2460 την
941 2381 1028 2464 ἱεραν
1047 2372 1090 2443 ὧν
1110 2383 1204 2468 ἔλαβε

105 2464 375 2554 παρακαταθήκην
391 2466 492 2548 ψυχῆς
511 2501 549 2512 -
571 2466 612 2549 μὴ
631 2467 743 2549 ἑαυτῷ,
764 2460 847 2548 μόνῳ
868 2461 902 2528 δὲ
923 2467 965 2548 τῷ
983 2462 1203 2542 πεπιστευκότα,

104 2551 301 2637 φυλάξαντος.
348 2551 478 2610 Hermae
497 2562 574 2630 pust.
597 2554 651 2611 lib.
677 2570 715 2620 2,
739 2573 764 2611 c.
785 2554 815 2609 3.
837 2551 941 2611 snimn
961 2551 1079 2612 dicitnr
1100 2577 1204 2633 παρα-

106 2638 210 2722 θήκη,
244 2638 418 2719 depositum
447 2658 464 2695 α
496 2637 561 2696 Deo
590 2647 749 2716 acceptum
779 2637 868 2716 eique
893 2638 1096 2697 reddendum.
1139 2638 1204 2699 Alii

106 2726 224 2788 2'l'im.
242 2740 274 2798 1,
297 2741 344 2785 12.
366 2718 556 2803 παραθήκην
577 2724 616 2783 de
635 2744 762 2782 munere
784 2723 975 2803 apostolico,
1003 2723 1059 2782 elii
1085 2722 1124 2782 dc
1145 2725 1205 2783 do·

105 2814 211 2874 ctrina
229 2808 295 2889 ipse
311 2808 515 2890 intelligunt.)
536 2814 562 2867 *.

197 2894 421 2979 Παρατνὲω,
444 2895 477 2969 ni,
502 2895 523 2955 f.
538 2888 611 2977 ηοω,
635 2887 736 2972 (παρά
759 2905 789 2953 et
809 2889 914 2966 αἰνέω)
935 2891 1062 2966 hortor,
1086 2891 1204 2963 excito,

108 2977 257 3055 suadeo,-
278 2980 337 3056 bis,
363 2983 429 3039 Act.
446 2997 496 3051 27,
522 2999 551 3058 9.
570 2997 620 3038 22.
644 2982 681 3054 (2
701 2980 794 3042 Mace.
813 2999 843 3052 7,
865 2979 915 3039 25.
933 2978 982 3038 26.
1010 2977 1132 3060 loseph.
1149 2982 1229 3043 vit..

110 3065 142 3149 §.
159 3065 209 3147 49.
233 3066 301 3126 bell.
322 3067 385 3126 ind.
404 3084 430 3141 1,
453 3083 501 3126 ιο.
519 3086 549 3140 7.
573 3075 635 3124 snt„
653 3085 684 3144 9,
706 3084 735 3141 7.
750 3085 780 3127 2.
799 3066 840 3125 ib.
858 3083 887 3138 2,
903 3064 932 3123 8.
948 3067 991 3138 2.)
1013 3070 1039 3122 *.

195 3154 490 3235 Παρσιτέομαι,
521 3152 627 3228 οὔριαι,
649 3152 669 3210 f.
692 3147 818 3234 ήπσμαι,
841 3151 969 3217 verbum
991 3150 1103 3230 dspon.
1124 3149 1206 3212 med.

107 3230 209 3318 (nupti
229 3247 261 3297 et
282 3239 435 3316 αἰτέομαι)
468 3238 502 3314 1)
523 3234 701 3314 deprecor,
730 3241 751 3297 i.
768 3262 793 3298 e.
823 3239 856 3313 u)
879 3237 1022 3316 precibus
1044 3237 1207 3296 intercedo

101 3331 139 3381 ut
162 3342 180 3381 ι
202 3343 303 3403 poena
325 3325 473 3401 liberem
505 3323 699 3403 losepl1.snt.
717 3325 745 3395 5,
773 3344 798 3383 1.
822 3343 848 3382 ι.
869 3328 928 3391 11,
951 3320 979 3381 6.
1000 3341 1025 3381 1.
1057 3340 1105 3397 ια,
1127 3324 1156 3380 4.
1177 3324 1207 3383 3.

101 3407 191 3466 Test.
218 3406 283 3471 ΧΙΙ.
311 3408 395 3466 Patr.
426 3431 454 3489 p.
481 3408 553 3469 562.
587 3403 711 3491 ἅγγελος
743 3405 759 3471 ὅ
790 3401 1023 3491 παραιτούμενος
1053 3402 1090 3469 τὸ
1122 3407 1209 3491 γένος

99 3487 235 3574 Ἰσραήλ.
257 3495 300 3552 ib.
323 3514 352 3573 p.
369 3492 440 3552 652.
462 3493 546 3554 Eeth.
563 3496 591 3566 4,
610 3498 638 3553 8.
660 3527 704 3539 -
725 3515 789 3576 seq,
809 3491 859 3576 μή,
880 3511 1013 3572 precor,
1033 3512 1092 3565 τιν,
1116 3491 1209 3556 flebr.

110 3594 160 3650 12,
186 3597 233 3656 29.
256 3572 473 3670 παρῃτήσαντο
494 3577 536 3659 μὴ
558 3581 762 3660 προςτεθῆναι
780 3583 836 3644 τὸν
856 3576 964 3663 λόγον,
991 3580 1209 3660 precabuntur,

105 3683 147 3722 ne
169 3666 308 3746 amplius
333 3660 438 3724 voe'em
459 3666 612 3725 audirent.
641 3667 713 3724 coll.
740 3686 751 3726 1
773 3665 855 3729 Sam.
873 3682 930 3743 20,
957 3665 987 3725 6.
1003 3684 1055 3743 27.
1076 3665 1130 3725 nbi
1150 3686 1209 3747 pro

103 3745 202 3831 δρῦν..
226 3781 264 3795 -
289 3748 337 3808 Ex
356 3750 520 3809 adiuncto:
542 3771 676 3824 excisso,
698 3784 740 3796 --
763 3752 794 3831 b)
814 3753 853 3810 de
873 3761 1038 3811 excusante
1058 3751 1103 3827 id,
1125 3752 1210 3830 quod

102 3816 201 3909 fecit,
224 3833 353 3894 311200.
367 3836 395 3910 6,,
415 3856 464 3914 27.
497 3836 613 3915 loseph.
631 3849 693 3898 ant.
713 3839 759 3910 15,
778 3855 805 3896 2.
824 3856 853 3913 7.
877 3873 913 3884 -
937 3837 966 3919 c)
980 3838 1019 3897 ds
1041 3845 1210 3897 excusante

104 3938 157 3993 sc,
179 3919 265 3999 quod
284 3930 420 3997 recusst,·
451 3923 523 3981 Luc.
544 3926 590 3994 14,
613 3927 657 3984 18.
680 3957 722 3967 -
742 3925 784 3982 ib.
806 3934 838 3984 et
858 3943 886 3985 v.
905 3944 952 4000 19.
974 3923 1021 4006 ἔχε
1041 3946 1079 4004 μα
1106 3943 1209 4008 παρη-

107 4004 256 4087 ruphus,
282 4017 462 4067 excusatum
492 4028 541 4066 me
570 4008 657 4070 habe.
701 4009 843 4092 (I’ersect.
868 4011 1022 4090 passivum
1044 4008 1212 4069 verborum

110 4087 333 4163 deponentium
355 4097 447 4151 etiam
471 4094 590 4170 passive
612 4096 692 4169 diei,
723 4097 845 4154 monuit
866 4095 1052 4168 Matthiae,
1083 4113 1211 4172 gramm.

107 4178 136 4252 §·
153 4171 224 4252 496.
254 4181 327 4250 Atii,
350 4189 384 4236 ut
401 4179 552 4238 Krsbsius
571 4179 605 4237 in
627 4183 704 4240 obss.
720 4181 814 4256 Flav,
830 4181 882 4241 hic
903 4183 1093 4241 latinistnum
1115 4200 1215 4260 ugno-

105 4259 256 4321 scend'nm
277 4285 343 4324 esse
366 4275 482 4343 putant.
527 4263 573 4322 De
597 4279 764 4326 excusante
787 4288 869 4341 sese,
899 4267 982 4349 quod
1001 4268 1150 4325 invitatus
1172 4267 1212 4327 ad

104 4362 240 4407 coenem
259 4369 323 4411 non
344 4352 484 4423 venerit,
507 4372 628 4432 παραιτ.
651 4355 767 4432 legitur
788 4354 878 4411 etium
904 4350 1022 4429 loseph.
1040 4359 1103 4408 unt
1121 4367 1158 4427 7,
1183 4356 1212 4414 8.

71 4494 74 4500 ,
101 4430 156 4509 2.)
175 4463 219 4477 -
243 4434 277 4515 2)
299 4448 334 4495 ut
357 4436 491 4495 Latinos.
512 4433 691 4516 deprecor,
720 4449 751 4498 et
774 4438 914 4496 nantum
942 4433 1134 4498 verbitcsn:
1156 4456 1212 4496 ro-

104 4534 204 4594 σασα,
238 4521 303 4579 Act.
319 4521 376 4593 25,
408 4539 453 4580 11.
483 4519 519 4583 οὗ
546 4526 750 4604 παραιτοῦμαι
776 4522 954 4587 ἀποθανεῖν.
994 4522 1128 4605 (loseph.
1156 4512 1212 4586 vii.

104 4608 135 4681 ς.
157 4620 210 4680 29.
231 4607 345 4670 θανεῖν
367 4603 402 4670 οὗ
423 4608 635 4691 παραιτοῦμαι.
664 4608 845 4680 inanes,
873 4610 902 4670 8.
920 4611 948 4673 8.
978 4609 1013 4685 5,
1036 4628 1063 4670 ι.
1083 4609 1151 4688 26.)
1170 4642 1213 4657 -
1265 4674 1268 4679 ,

94 4685 251 4788 'repudio
275 4689 371 4755 Hebr.
392 4712 446 4772 12,
469 4695 520 4754 25.
551 4693 687 4780 (loseph.
702 4707 765 4759 ent·
782 4694 813 4776 5,
842 4696 872 4763 8.
898 4700 927 4760 8.
949 4688 1214 4783 παραιτησᾶμθθι
