2640 5100
331 622 334 627 ,
425 527 884 602 asra-aser
1153 528 1218 597 nos

90 709 186 762 natur
206 698 319 771 homo,
342 705 374 758 et
395 698 520 778 quidem
542 702 580 777 ο)
597 695 687 759 donis
707 697 926 778 spiritualibus,
949 718 1027 780 quae
1043 694 1214 761 Christiani

91 786 185 868 primi
200 794 238 843 'et
259 784 451 865 potissimum
475 787 614 844 doctores
640 804 701 864 per
722 784 864 864 spirilum
885 796 1047 859 sanctum,
1074 788 1214 848 interve-

92 872 199 930 niente
219 888 366 928 manuum
388 871 605 949 impositione,
635 871 848 949 accipiebant,
876 870 964 930 llom.
982 890 1030 945 ι2,
1055 871 1083 931 6.
1115 871 1214 939 iCor.

79 974 143 1030 aa,
166 958 194 1014 4.
211 976 240 1031 ρ.
257 957 308 1014 28.
324 955 444 1016 to.31.
476 955 632 1026 aTim.!s,
660 955 706 1013 ala.
737 954 897 1031 cliuus,
923 956 950 1016 6.
983 959 1145 1032 aPctr.l,
1168 977 1214 1018 so.

89 1039 172 1122 (llot.
187 1039 299 1098 Thoos.
321 1043 347 1116 §.
363 1055 414 1115 27.
433 1040 560 1118 spiritus
581 1059 604 1099 a.
620 1040 796 1100 hominibus
818 1042 906 1100 datus
925 1053 1055 1102 vocatur
1076 1040 1110 1106 τὸ
1130 1037 1215 1127 χάρι-

88 1147 152 1202 σμα
165 1118 366 1204 adimantur.)
377 1155 422 1170 -
443 1124 480 1207 β)
496 1120 706 1180 continentiae
720 1126 812 1198 dono,
838 1146 849 1184 ι
864 1126 931 1185 Cor.
941 1144 970 1200 7,
989 1141 1017 1199 7.
1027 1156 1068 1169 -
1087 1127 1115 1208 y)
1131 1135 1214 1187 doun

91 1208 287 1288 cognitionis,
307 1208 384 1284 spei,
406 1203 539 1265 fiduciae
560 1205 765 1280 christianae,
788 1205 874 1265 Rom.
896 1225 921 1277 ι,
943 1227 989 1266 ιι.
1015 1226 1029 1267 1
1048 1207 1118 1271 Cur.
1141 1229 1167 1287 1,
1187 1231 1215 1287 7.

89 1325 134 1341 -
156 1294 188 1372 ο)
203 1293 243 1352 de
267 1289 417 1351 beneficio
437 1292 554 1369 gratiae
575 1296 630 1371 pcc
645 1287 812 1362 Christum,
833 1311 894 1369 quo
909 1290 991 1352 Deus
1004 1294 1216 1374 expiationem

89 1388 289 1460 peccatorum
314 1375 417 1436 effecit
438 1386 574 1455 etspsnr
596 1376 701 1434 salutis
724 1386 864 1433 aeternae
886 1376 1064 1434 hominihus
1088 1378 1217 1452 tribuit,
1309 1432 1312 1446 ,

93 1463 185 1539 Rom.
202 1464 240 1540 6,
267 1460 316 1519 ι5.
344 1461 400 1519 uhi
427 1462 606 1539 explicator
628 1456 724 1536 δωρεὰ
754 1460 787 1523 ia
807 1454 921 1543 χάριιι,
952 1469 984 1519 et
1009 1471 1055 1519 est
1077 1460 1217 1521 Christus

95 1551 183 1630 ipse,
215 1567 306 1626 quem
333 1544 417 1605 Deus
446 1547 641 1622 expiatorem
670 1546 799 1603 donavit
825 1544 1012 1608 hominibus.
1040 1546 1083 1610 ib,
1112 1563 1142 1604 v.
1169 1542 1217 1603 16.

95 1634 134 1699 cai
158 1631 194 1698 tl
214 1625 352 1716 χάρισμα
372 1631 405 1697 la
423 1628 546 1695 πολλῶν
571 1623 823 1711 παραπτωμάτων
842 1633 883 1702 εἰς
902 1626 1068 1708 δικαίωμα,
1101 1631 1218 1689 donum

75 1720 295 1799 expiationis,
316 1715 467 1792 Christus,
487 1718 578 1776 cessit
594 1724 724 1795 propter
742 1716 839 1773 multa
860 1727 985 1793 peccata
998 1717 1032 1774 in
1048 1716 1219 1775 absolutio-

97 1827 181 1867 nem.
209 1802 310 1874 ib.'6,
334 1803 385 1862 26.
420 1821 476 1877 ιι,
500 1820 552 1878 29.
578 1800 632 1859 ubi
660 1809 706 1877 est
727 1800 809 1858 salus
831 1801 970 1879 patribus
991 1803 1143 1882 promissa
1165 1822 1221 1882 pes·

98 1893 267 1952 Christum.
303 1885 355 1964 (ln
377 1884 413 1946 V.
433 1886 470 1945 T.
497 1909 561 1947 nou
581 1884 718 1964 legitor.)
740 1888 766 1944 ⁴¹.

180 1965 385 2056 chsssiu,
407 1972 449 2047 ὥ,
470 1971 492 2030 f·
511 1967 597 2047 ώσω,
620 1973 650 2052 (a
666 1969 767 2054 χάρις,
787 1961 919 2052 piparas)
946 1966 974 2050 ι)
995 1971 1092 2029 multa
1113 1972 1221 2050 gratia,

95 2069 258 2122 venustate
279 2059 409 2138 plenum
438 2055 519 2116 facio
546 2059 697 2135 aliquem,
738 2052 933 2138 χαριτόομαι.
966 2059 1083 2132 gratia
1115 2055 1223 2115 multa

93 2147 213 2228 plenus
234 2164 316 2219 casm,
339 2141 416 2201 salar
435 2143 624 2220 anmutlaig,
647 2138 783 2200 liehlicla
803 2144 895 2214 ssim
921 2143 991 2200 Luc.
1007 2162 1031 2216 1,
1057 2145 1107 2204 28.
1131 2153 1224 2225 χαῖρε,

97 2231 331 2336 κεχαριτωμένη,
354 2227 441 2287 salve
458 2231 557 2306 gratia
581 2228 772 2307 plenissima.
804 2226 877 2301 (Sir.
895 2247 924 2302 9,
949 2232 978 2287 8.
1001 2223 1062 2288 sini
1083 2229 1225 2310 γυναικὸς

99 2317 271 2396 εὔμορφοι),
301 2315 354 2370 ubi
375 2311 444 2374 cod.
470 2314 558 2370 Alex.
583 2322 614 2370 et
635 2311 778 2368 Clemens
802 2311 952 2368 Alexand.
974 2312 1099 2390 paedag.
1116 2314 1150 2386 3,
1179 2332 1226 2371 ιι.

102 2402 219 2458 habent
236 2395 470 2478 κεχαριτωμένης
489 2416 548 2476 ριο
570 2391 729 2477 εὐμόρφου.
752 2393 875 2464 Sinas,
895 2412 941 2471 17.
964 2399 1016 2455 ubi
1038 2392 1114 2478 ἀνὴρ
1136 2421 1226 2479 asgo—
1253 2390 1256 2397 '

103 2484 263 2565 ριιωμὲιος
286 2490 331 2541 est
359 2481 408 2537 vir
436 2481 560 2556 suavis,
588 2482 640 2559 qui
662 2479 796 2557 gratioso
819 2480 912 2539 modo
934 2483 997 2560 agit
1018 2502 1095 2560 curn
1112 2484 1226 2562 egenis,

105 2570 244 2630 suaviter
264 2586 317 2625 aos
338 2567 518 2647 consolatur
541 2576 573 2627 et
590 2569 701 2646 iuvat..
731 2565 807 2642 (Alii
828 2564 901 2624 Luc.
921 2566 942 2624 l.
961 2569 983 2629 l.
1006 2579 1150 2627 vertunt:
1178 2570 1228 2627 la-

104 2676 183 2715 vore
203 2652 314 2712 divino
336 2656 470 2726 ornata.)
492 2684 535 2698 -
566 2650 605 2729 2)
624 2671 642 2706 e
667 2649 748 2718 scio,
776 2662 812 2708 ut
830 2651 978 2727 gratiam
1000 2651 1140 2710 alterius
1161 2653 1227 2711 ati·

105 2739 180 2823 quis
207 2740 320 2809 ineat,
353 2735 474 2797 Gnade
500 2735 726 2816 ωονοοΙιορῖοιι,Ι
752 2767 796 2780 -
824 2742 864 2796 (le
886 2758 923 2795 eo
948 2738 1002 2817 qui
1023 2740 1229 2798 condonatio-

105 2847 180 2888 nem
204 2824 315 2898 efficit,
344 2820 423 2903 Eph.
442 2843 477 2901 s,
503 2824 532 2883 6.
564 2824 597 2886 ἐν
623 2817 642 2904 ἦ
669 2814 811 2903 (χάριτι)
834 2821 1009 2905 ἐχαρίτωσεν
1034 2820 1114 2906 ἡμᾶς
1134 2826 1166 2887 le
1187 2825 1231 2906 τᾷ

105 2911 311 2994 ἠγαπημένῳ,
345 2929 404 2988 qua
431 2929 486 2969 sua
508 2909 606 2993 gratia
624 2897 718 2967 'nobis
741 2908 1001 2968 condonationem
1030 2920 1231 2988 peccatorum

107 2998 213 3058 effecit
241 2992 424 3074 petillium
456 2997 624 3069 dilectum,
657 2995 727 3051 coll.
748 3012 778 3051 v.
801 3010 845 3070 7.,
877 3015 968 3073 quam
990 2990 1230 3074 explicationem

106 3084 228 3163 egregie
258 3078 443 3140 confirmant
471 3074 566 3140 verba
595 3077 716 3158 losephi
749 3097 806 3157 per
834 3078 894 3139 Dei
922 3082 1052 3160 gratiam
1083 3103 1102 3140 a
1129 3102 1232 3160 poena
1257 3122 1262 3134 .

51 3182 60 3206 ⁸
107 3169 242 3228 carceris
269 3166 398 3226 liberasti
421 3176 453 3227 et
475 3169 513 3228 asl
536 3168 670 3227 honores
699 3164 801 3241 regios
829 3171 947 3240 evecti,
980 3186 1056 3244 quae
1084 3168 1232 3244 leguntur

76 3316 80 3332 ι
105 3257 140 3315 in
166 3252 248 3313 'l'est
271 3250 337 3309 ΧΗ.
357 3250 441 3316 Patr.
464 3273 492 3332 p.
515 3253 588 3330 698.
610 3251 644 3312 ia
665 3246 786 3335 φυλακῇ
808 3244 903 3331 ἥμην,
933 3250 985 3312 καὶ
1005 3247 1021 3313 o‘
1042 3251 1140 3334 σωτὴρ
1163 3253 1233 3334 ἔχα-

105 3340 214 3420 ρίτωσὲ
238 3359 276 3415 με
298 3335 333 3400 ἐν
353 3334 490 3423 δρυμοῖς,
517 3337 567 3401 arai
591 3333 680 3400 iiuoi
706 3356 751 3411 pa.
786 3334 978 3413 (Symmach.
1003 3341 1234 3421 κεχοριτωμέιοε

104 3426 200 3486 habet
221 3422 267 3483 Ps.
290 3427 338 3500 18,
353 3425 404 3481 26.
426 3444 484 3503 pro
505 3436 588 3510 Ὶιοῐρ
607 3432 638 3480 et
655 3416 878 3485 Schneiderns
897 3422 931 3479 in
955 3423 1016 3482 lex.
1037 3443 1080 3501 gr.
1103 3443 1127 3480 s·
1153 3424 1183 3483 h.
1202 3442 1233 3483 v.

107 3520 216 3583 notat,
244 3507 326 3567 illud
346 3508 407 3588 legi
428 3508 513 3590 apud
529 3507 710 3579 libanium,
731 3507 769 3581 tl,
789 3525 819 3586 p.
839 3524 933 3586 1071.
970 3509 1061 3588 Apud
1083 3508 1234 3588 profanos

106 3615 176 3654 non
199 3593 337 3672 legitur.)
357 3596 403 3656 ”0

192 3672 378 3760 Χαρράν,
407 3673 444 3756 ἦ,
477 3671 692 3759 (siligine,
725 3673 842 3759 loseph.
858 3687 922 3738 ant.
943 3695 969 3750 ι,
996 3677 1044 3738 16.
1067 3681 1120 3756 ι.)
1143 3676 1234 3746 hebr.

54 3780 57 3787 ·
106 3775 187 3850 Wl·
215 3763 388 3835 charran,
412 3780 526 3818 nomeu
549 3765 636 3819 urbia
659 3772 690 3821 et
710 3763 847 3842 regionis
869 3765 1038 3842 (Genu,
1062 3762 1117 3826 62.
1142 3765 1178 3830 ἐν
1199 3767 1238 3848 yffi
1293 3760 1296 3776 ‘

113 3833 261 3926 nunnus)
284 3845 522 3923 Mesopotamiae
552 3849 645 3924 (Gen.
669 3866 715 3923 ιι,
740 3851 778 3907 31
801 3868 866 3927 sqq.
901 3869 947 3924 ιο,
973 3849 1000 3906 6.
1031 3864 1082 3925 27,
1108 3851 1158 3911 ts.
1186 3857 1238 3929 28,
1280 3892 1283 3897 -

51 3968 55 3973 .
111 3948 144 3990 2.
163 3949 211 3989 so·
234 3949 284 4006 29,
302 3933 331 3988 la.
360 3929 480 4007 loseph.
494 3939 557 3988 ant.
577 3950 604 3998 ι,
632 3931 680 3991 16.
699 3952 726 3992 ι.
754 3934 796 3993 ib.
814 3952 840 4002 ι,
865 3952 911 4012 19.
929 3932 990 4010 4.),
1012 3954 1104 4012 quam
1126 3947 1240 4016 putant

112 4018 243 4075 eandem
272 4035 358 4093 esse,
392 4035 468 4094 quae
503 4026 610 4093 postea
638 4013 782 4104 Κάρῖῥαι,
820 4018 964 4089 carras,
1000 4032 1112 4082 vocata
1140 4023 1240 4083 incla-

111 4103 177 4160 ruit
204 4099 291 4158 clade
313 4100 421 4159 Crassi.
452 4099 601 4181 (Plinii.
622 4102 661 4162 N.
684 4109 721 4181 6,
748 4108 798 4166 24.
829 4107 899 4166 Luc.
923 4125 957 4180 1,
988 4110 1053 4166 soh.
1088 4109 1238 4168 Plutarch.

111 4187 178 4247 vita
201 4185 300 4244 Crass.
328 4206 354 4245 c.
371 4186 421 4245 25.
442 4204 492 4266 27.
513 4193 565 4250 28.
592 4188 714 4271 loseph.
730 4190 793 4253 eut'.
811 4183 864 4262 2ο,
883 4208 912 4250 2.
931 4192 960 4251 3.
980 4187 1065 4277 χώρα
1084 4192 1239 4279 Κοῤῥωι.)

112 4272 233 4343 Semel,
256 4274 326 4339 Act.
344 4289 372 4346 7,
396 4291 426 4332 2.
1170 4290 1174 4295 ·

117 4410 120 4417 .
200 4353 377 4438 Χάρτης,
401 4381 457 4433 ου,
481 4348 519 4434 ὃ,
542 4359 578 4432 (a
598 4351 755 4445 χαρᾶοσω)
778 4359 917 4432 οΙιονιο,
940 4361 1019 4420 2Ιο.
1041 4381 1071 4421 v.
1092 4378 1138 4420 12.
1161 4360 1241 4425 310.

112 4464 143 4502 v.
167 4444 210 4502 ¹3.
234 4441 383 4523 (tense,
400 4443 449 4504 23.
466 4463 526 4520 pro
545 4440 646 4536 siggo,
666 4458 697 4505 et
716 4465 773 4523 pro
792 4449 901 4507 eodem
923 4443 1043 4519 lsr.36,
1059 4463 1088 4505 2.
1109 4453 1242 4532 pepticas.

114 4530 233 4590 Polluc.
261 4548 364 4587 onom.
385 4546 421 4605 7,
452 4544 525 4590 2ιο.
563 4533 667 4592 Celsen
695 4531 771 4605 Tab.
795 4534 826 4590 6.
855 4564 894 4578 ·-
928 4532 1050 4614 Ioseph.
1075 4551 1103 4593 ο.
1129 4538 1242 4616 Apion.

120 4613 283 4692 1s³4·)‘·
1139 4682 1142 4689 .

202 4697 346 4762 Lex..N·
371 4701 406 4761 Y·
430 4696 528 4762 Vsu·
703 4745 709 4760 s
918 4702 975 4782 Qq

95 4790 100 4831 ,
503 4798 506 4807 ,
1002 4786 1008 4803 .
